<record><leader>00000cas a22000007a 4500</leader><controlfield tag="001">32434915</controlfield><controlfield tag="008">950508c19129999vauwr ne      0    0eng d</controlfield><datafield ind1=" " ind2=" " tag="010"><subfield code="a">sn 95079555 </subfield></datafield><datafield ind1=" " ind2=" " tag="040"><subfield code="a">NVK</subfield><subfield code="b">eng</subfield><subfield code="c">NVK</subfield><subfield code="d">OCLCQ</subfield><subfield code="d">NVK</subfield><subfield code="d">OCLCQ</subfield><subfield code="d">OCLCF</subfield><subfield code="d">OCLCO</subfield></datafield><datafield ind1="1" ind2=" " tag="029"><subfield code="a">AU@</subfield><subfield code="b">000011677628</subfield></datafield><datafield ind1=" " ind2=" " tag="042"><subfield code="a">msc</subfield></datafield><datafield ind1=" " ind2=" " tag="043"><subfield code="a">n-us-va</subfield></datafield><datafield ind1="0" ind2="4" tag="245"><subfield code="a">The Central Virginian.</subfield></datafield><datafield ind1=" " ind2=" " tag="260"><subfield code="a">Louisa, Va. :</subfield><subfield code="b">F.G. Duvall, L.S. Driver, and L.S. Pendelton,</subfield><subfield code="c">1912-</subfield></datafield><datafield ind1=" " ind2=" " tag="300"><subfield code="a">v.</subfield></datafield><datafield ind1=" " ind2=" " tag="310"><subfield code="a">Weekly</subfield></datafield><datafield ind1="0" ind2=" " tag="362"><subfield code="a">Vol. 1, no. 1 (Nov. 7, 1912)-</subfield></datafield><datafield ind1=" " ind2=" " tag="500"><subfield code="a">"A weekly newspaper devoted to the interests of Louisa, Goochland, Caroline, and Spotsylvania Counties."</subfield></datafield><datafield ind1=" " ind2=" " tag="500"><subfield code="a">Publisher varies: Geo. M.D. Blake, &lt;July&gt; 1928-&lt;1940&gt;; Bruce V. Boxley, Mar. 1940-Jul. 1955; Mrs. Bruce V. Boxley, Aug. 1955-Aug. 1956; Mrs. John G. May, Jr., Sept. 1956-May 1987; G. Kenneth Miller, May 1987-June 1989; C.V. Corp., with Hilda P. Powell publisher, June 1989-</subfield></datafield><datafield ind1=" " ind2=" " tag="500"><subfield code="a">Editor varies: Geo. McD. Blake, &lt;July&gt; 1928-&lt;1940&gt;; Bruce V. Boxley, Mar. 1940-July 1955; Lewise Cosby, Aug. 1955-&lt;1986&gt;; Mrs. John G. May, Jr., &lt;1986&gt;-May 1987; Hilda P. Powell, May 1987-</subfield></datafield><datafield ind1=" " ind2=" " tag="500"><subfield code="a">Issue for Oct. 4/10, 1987 is a special reprint of Vol. 1, no. 1 (Nov. 7, 1912)--in observance of National Newspaper Week.</subfield></datafield><datafield ind1=" " ind2=" " tag="500"><subfield code="a">The Central Virginian absorbed the Goochland Courier Feb. 5, 2009.</subfield></datafield><datafield ind1=" " ind2="0" tag="651"><subfield code="a">Louisa (Va.)</subfield><subfield code="v">Newspapers.</subfield></datafield><datafield ind1=" " ind2="0" tag="651"><subfield code="a">Goochland County (Va.)</subfield><subfield code="v">Newspapers.</subfield></datafield><datafield ind1=" " ind2="0" tag="651"><subfield code="a">Caroline County (Va.)</subfield><subfield code="v">Newspapers.</subfield></datafield><datafield ind1=" " ind2="0" tag="651"><subfield code="a">Spotsylvania County (Va.)</subfield><subfield code="v">Newspapers.</subfield></datafield><datafield ind1=" " ind2="7" tag="655"><subfield code="a">Newspapers.</subfield><subfield code="2">fast</subfield><subfield code="0">(OCoLC)fst01423814</subfield></datafield><datafield ind1=" " ind2="7" tag="651"><subfield code="a">Virginia</subfield><subfield code="z">Caroline County.</subfield><subfield code="2">fast</subfield><subfield code="0">(OCoLC)fst01207915</subfield></datafield><datafield ind1=" " ind2="7" tag="651"><subfield code="a">Virginia</subfield><subfield code="z">Goochland County.</subfield><subfield code="2">fast</subfield><subfield code="0">(OCoLC)fst01209005</subfield></datafield><datafield ind1=" " ind2="7" tag="651"><subfield code="a">Virginia</subfield><subfield code="z">Louisa.</subfield><subfield code="2">fast</subfield><subfield code="0">(OCoLC)fst01218325</subfield></datafield><datafield ind1=" " ind2="7" tag="651"><subfield code="a">Virginia</subfield><subfield code="z">Spotsylvania County.</subfield><subfield code="2">fast</subfield><subfield code="0">(OCoLC)fst01208346</subfield></datafield><datafield ind1=" " ind2=" " tag="752"><subfield code="a">United States</subfield><subfield code="b">Virginia</subfield><subfield code="c">Louisa</subfield><subfield code="d">Louisa.</subfield></datafield><datafield ind1="1" ind2="5" tag="780"><subfield code="t">Goochland courier</subfield><subfield code="w">(DLC)sn2006060687</subfield></datafield></record>